@inproceedings{zobel1998reliable,
  title={How reliable are the results of large-scale information retrieval experiments?},
  author={Zobel, Justin},
  booktitle={Proceedings of the 21st annual international ACM SIGIR conference on Research and development in information retrieval},
  pages={307--314},
  year={1998},
  organization={ACM}
}

@inproceedings{voorhees1999overview,
  title={Overview of the eighth Text REtrieval Conference (TREC-7)},
  author={Voorhees, Ellen and Harman, Donna K},
  year={1999},
  publisher={US Department of Commerce, Technology Administration, National Institute of Standards and Technology}
}

@inproceedings{ellis2015overview,
      title={Overview of linguistic resources for the tac kbp 2015 evaluations: Methodologies and results},
        author={Ellis, Joe and Getman, Jeremy and Fore, Dana and Kuster, Neil and Song, Zhiyi and Bies, Ann and Strassel, Stephanie}
}


. . In E. Voorhees and D. Harman, editors, Proc. 8th Text REtrieval Conference,
pages 1â€“24, Gaithersburg, Maryland, USA, Nov. 1999. NIST Special Publication
500-246.
